<?xml version="1.0" encoding="UTF-8"?><collection xmlns="http://www.loc.gov/MARC21/slim"><record><leader>00529nam--2200205-u-4500</leader><controlfield tag="001">000053403</controlfield><controlfield tag="002">20161230</controlfield><controlfield tag="005">20161230201051</controlfield><controlfield tag="008">110324s1000------------r-----000-0-eng-d</controlfield><datafield ind1=" " ind2=" " tag="020"><subfield code="a">3540201475</subfield></datafield><datafield ind1=" " ind2=" " tag="040"><subfield code="a">IFIN-HH</subfield></datafield><datafield ind1=" " ind2=" " tag="080"><subfield code="a">530.14:531</subfield></datafield><datafield ind1="1" ind2=" " tag="100"><subfield code="a">Dragoman, D</subfield></datafield><datafield ind1="1" ind2="0" tag="245"><subfield code="a">Quantum-classical analogies</subfield><subfield code="c">D. dragoman; m. dragoman</subfield></datafield><datafield ind1=" " ind2=" " tag="260"><subfield code="a">Berlin</subfield><subfield code="b">Springer-verlag</subfield><subfield code="c">2004</subfield></datafield><datafield ind1=" " ind2=" " tag="300"><subfield code="a">344P</subfield></datafield><datafield ind1=" " ind2=" " tag="490"><subfield code="a">The Frontiers Collection</subfield></datafield><datafield ind1="1" ind2=" " tag="700"><subfield code="a">Dragoman, M</subfield></datafield><datafield ind1=" " ind2=" " tag="852"><subfield code="a">81551</subfield><subfield code="c">530.14</subfield></datafield><datafield ind1=" " ind2=" " tag="CAT"><subfield code="a">Sys</subfield><subfield code="c">20110324</subfield><subfield code="h">144106</subfield></datafield></record></collection>